%YAML 1.1
%TAG !u! tag:unity3d.com,2011:
--- !u!114 &-8979586350893841803
MonoBehaviour:
  m_ObjectHideFlags: 0
  m_CorrespondingSourceObject: {fileID: 0}
  m_PrefabInstance: {fileID: 0}
  m_PrefabAsset: {fileID: 0}
  m_GameObject: {fileID: 0}
  m_Enabled: 1
  m_EditorHideFlags: 0
  m_Script: {fileID: 11500000, guid: 97ba6cc2660c0ca498540d254701057a, type: 3}
  m_Name: 
  m_EditorClassIdentifier: 
  identifier: 2fea114e74ecf3c4f920e1d5cc1c4c40
  parentIdentifier: default
  displaySortOrder: 0
  active: 0
  Properties:
    LiveUpdate:
      Value: 0
      HasValue: 0
    LiveUpdatePort:
      Value: 0
      HasValue: 0
    Overlay:
      Value: 0
      HasValue: 0
    Logging:
      Value: 0
      HasValue: 0
    SampleRate:
      Value: 0
      HasValue: 0
    BuildDirectory:
      Value: 
      HasValue: 0
    SpeakerMode:
      Value: 0
      HasValue: 0
    VirtualChannelCount:
      Value: 0
      HasValue: 0
    RealChannelCount:
      Value: 0
      HasValue: 0
    DSPBufferLength:
      Value: 0
      HasValue: 0
    DSPBufferCount:
      Value: 0
      HasValue: 0
    Plugins:
      Value: []
      HasValue: 0
    StaticPlugins:
      Value: []
      HasValue: 0
    CallbackHandler:
      Value: {fileID: 0}
      HasValue: 0
  childIdentifiers: []
  outputType: 
  threadAffinities:
    Value: []
    HasValue: 0
--- !u!114 &-7208522019002439086
MonoBehaviour:
  m_ObjectHideFlags: 0
  m_CorrespondingSourceObject: {fileID: 0}
  m_PrefabInstance: {fileID: 0}
  m_PrefabAsset: {fileID: 0}
  m_GameObject: {fileID: 0}
  m_Enabled: 1
  m_EditorHideFlags: 0
  m_Script: {fileID: 11500000, guid: 9587379c972e4a54da1949613f11e1c6, type: 3}
  m_Name: 
  m_EditorClassIdentifier: 
  identifier: default
  parentIdentifier: 
  displaySortOrder: 0
  active: 1
  Properties:
    LiveUpdate:
      Value: 0
      HasValue: 0
    LiveUpdatePort:
      Value: 9264
      HasValue: 1
    Overlay:
      Value: 0
      HasValue: 0
    Logging:
      Value: 0
      HasValue: 0
    SampleRate:
      Value: 0
      HasValue: 0
    BuildDirectory:
      Value: 
      HasValue: 0
    SpeakerMode:
      Value: 0
      HasValue: 0
    VirtualChannelCount:
      Value: 0
      HasValue: 0
    RealChannelCount:
      Value: 0
      HasValue: 0
    DSPBufferLength:
      Value: 0
      HasValue: 0
    DSPBufferCount:
      Value: 0
      HasValue: 0
    Plugins:
      Value: []
      HasValue: 1
    StaticPlugins:
      Value: []
      HasValue: 1
    CallbackHandler:
      Value: {fileID: 0}
      HasValue: 0
  childIdentifiers:
  - fd7c55dab0fce234b8c25f6ffca523c1
  - c88d16e5272a4e241b0ef0ac2e53b73d
  - 52eb9df5db46521439908db3a29a1bbb
  - 0f8eb3f400726694eb47beb1a9f94ce8
  - e7a046c753c3c3d4aacc91f6597f310d
  - 2c5177b11d81d824dbb064f9ac8527da
  - b7716510a1f36934c87976f3a81dbf3d
  - 2fea114e74ecf3c4f920e1d5cc1c4c40
  - 46fbfdf3fc43db0458918377fd40293e
  outputType: 
  threadAffinities:
    Value: []
    HasValue: 0
--- !u!114 &-6520736991796055012
MonoBehaviour:
  m_ObjectHideFlags: 0
  m_CorrespondingSourceObject: {fileID: 0}
  m_PrefabInstance: {fileID: 0}
  m_PrefabAsset: {fileID: 0}
  m_GameObject: {fileID: 0}
  m_Enabled: 1
  m_EditorHideFlags: 0
  m_Script: {fileID: 11500000, guid: 3abeb1429547a134480f4f2f1efc7e21, type: 3}
  m_Name: 
  m_EditorClassIdentifier: 
  identifier: c88d16e5272a4e241b0ef0ac2e53b73d
  parentIdentifier: default
  displaySortOrder: 0
  active: 0
  Properties:
    LiveUpdate:
      Value: 0
      HasValue: 0
    LiveUpdatePort:
      Value: 0
      HasValue: 0
    Overlay:
      Value: 0
      HasValue: 0
    Logging:
      Value: 0
      HasValue: 0
    SampleRate:
      Value: 0
      HasValue: 0
    BuildDirectory:
      Value: 
      HasValue: 0
    SpeakerMode:
      Value: 0
      HasValue: 0
    VirtualChannelCount:
      Value: 0
      HasValue: 0
    RealChannelCount:
      Value: 0
      HasValue: 0
    DSPBufferLength:
      Value: 0
      HasValue: 0
    DSPBufferCount:
      Value: 0
      HasValue: 0
    Plugins:
      Value: []
      HasValue: 0
    StaticPlugins:
      Value: []
      HasValue: 0
    CallbackHandler:
      Value: {fileID: 0}
      HasValue: 0
  childIdentifiers: []
  outputType: 
  threadAffinities:
    Value: []
    HasValue: 0
--- !u!114 &-3737007936669018775
MonoBehaviour:
  m_ObjectHideFlags: 0
  m_CorrespondingSourceObject: {fileID: 0}
  m_PrefabInstance: {fileID: 0}
  m_PrefabAsset: {fileID: 0}
  m_GameObject: {fileID: 0}
  m_Enabled: 1
  m_EditorHideFlags: 0
  m_Script: {fileID: 11500000, guid: 17eea195bdfbf014e91ba7620ee491f8, type: 3}
  m_Name: 
  m_EditorClassIdentifier: 
  identifier: e7a046c753c3c3d4aacc91f6597f310d
  parentIdentifier: default
  displaySortOrder: 0
  active: 0
  Properties:
    LiveUpdate:
      Value: 0
      HasValue: 0
    LiveUpdatePort:
      Value: 0
      HasValue: 0
    Overlay:
      Value: 0
      HasValue: 0
    Logging:
      Value: 0
      HasValue: 0
    SampleRate:
      Value: 0
      HasValue: 0
    BuildDirectory:
      Value: 
      HasValue: 0
    SpeakerMode:
      Value: 0
      HasValue: 0
    VirtualChannelCount:
      Value: 0
      HasValue: 0
    RealChannelCount:
      Value: 0
      HasValue: 0
    DSPBufferLength:
      Value: 0
      HasValue: 0
    DSPBufferCount:
      Value: 0
      HasValue: 0
    Plugins:
      Value: []
      HasValue: 0
    StaticPlugins:
      Value: []
      HasValue: 0
    CallbackHandler:
      Value: {fileID: 0}
      HasValue: 0
  childIdentifiers: []
  outputType: 
  threadAffinities:
    Value: []
    HasValue: 0
--- !u!114 &-129904635787394288
MonoBehaviour:
  m_ObjectHideFlags: 0
  m_CorrespondingSourceObject: {fileID: 0}
  m_PrefabInstance: {fileID: 0}
  m_PrefabAsset: {fileID: 0}
  m_GameObject: {fileID: 0}
  m_Enabled: 1
  m_EditorHideFlags: 0
  m_Script: {fileID: 11500000, guid: b87314b32fbe18943af496e4b47136c6, type: 3}
  m_Name: 
  m_EditorClassIdentifier: 
  identifier: 46fbfdf3fc43db0458918377fd40293e
  parentIdentifier: default
  displaySortOrder: 0
  active: 0
  Properties:
    LiveUpdate:
      Value: 0
      HasValue: 0
    LiveUpdatePort:
      Value: 0
      HasValue: 0
    Overlay:
      Value: 0
      HasValue: 0
    Logging:
      Value: 0
      HasValue: 0
    SampleRate:
      Value: 0
      HasValue: 0
    BuildDirectory:
      Value: 
      HasValue: 0
    SpeakerMode:
      Value: 0
      HasValue: 0
    VirtualChannelCount:
      Value: 0
      HasValue: 0
    RealChannelCount:
      Value: 0
      HasValue: 0
    DSPBufferLength:
      Value: 0
      HasValue: 0
    DSPBufferCount:
      Value: 0
      HasValue: 0
    Plugins:
      Value: []
      HasValue: 0
    StaticPlugins:
      Value: []
      HasValue: 0
    CallbackHandler:
      Value: {fileID: 0}
      HasValue: 0
  childIdentifiers: []
  outputType: 
  threadAffinities:
    Value: []
    HasValue: 0
--- !u!114 &11400000
MonoBehaviour:
  m_ObjectHideFlags: 0
  m_CorrespondingSourceObject: {fileID: 0}
  m_PrefabInstance: {fileID: 0}
  m_PrefabAsset: {fileID: 0}
  m_GameObject: {fileID: 0}
  m_Enabled: 1
  m_EditorHideFlags: 0
  m_Script: {fileID: 11500000, guid: eef8d824ea7b63742966aaa0e94ac383, type: 3}
  m_Name: FMODStudioSettings
  m_EditorClassIdentifier: 
  SwitchSettingsMigration: 1
  HasSourceProject: 1
  HasPlatforms: 1
  sourceProjectPath: 
  sourceBankPath: 
  SourceBankPathUnformatted: 
  BankRefreshCooldown: 5
  ShowBankRefreshWindow: 1
  AutomaticEventLoading: 1
  BankLoadType: 0
  AutomaticSampleLoading: 0
  EncryptionKey: 
  ImportType: 0
  TargetAssetPath: FMODBanks
  TargetBankFolder: 
  LoggingLevel: 2
  SpeakerModeSettings: []
  SampleRateSettings: []
  LiveUpdateSettings: []
  OverlaySettings: []
  LoggingSettings: []
  BankDirectorySettings: []
  VirtualChannelSettings: []
  RealChannelSettings: []
  Plugins: []
  MasterBanks: []
  Banks: []
  BanksToLoad: []
  LiveUpdatePort: 9264
  EnableMemoryTracking: 0
  AndroidUseOBB: 0
  MeterChannelOrdering: 0
  StopEventsOutsideMaxDistance: 0
  BoltUnitOptionsBuildPending: 0
  EnableErrorCallback: 0
  SharedLibraryUpdateStage: 0
  SharedLibraryTimeSinceStart: 0
  HideSetupWizard: 0
  Platforms:
  - {fileID: 1560532676535090874}
  - {fileID: -6520736991796055012}
  - {fileID: 9050433897455744865}
  - {fileID: 3255689238231262748}
  - {fileID: -3737007936669018775}
  - {fileID: 4176160159487090250}
  - {fileID: 6914070917029339392}
  - {fileID: -8979586350893841803}
  - {fileID: -129904635787394288}
  - {fileID: -7208522019002439086}
  - {fileID: 7267715910688465698}
  MigratedPlatforms: 0500000006000000090000000b00000012000000080000000a0000000c000000150000000200000001000000
--- !u!114 &1560532676535090874
MonoBehaviour:
  m_ObjectHideFlags: 0
  m_CorrespondingSourceObject: {fileID: 0}
  m_PrefabInstance: {fileID: 0}
  m_PrefabAsset: {fileID: 0}
  m_GameObject: {fileID: 0}
  m_Enabled: 1
  m_EditorHideFlags: 0
  m_Script: {fileID: 11500000, guid: 93a382382f106584e8f8f62412fee177, type: 3}
  m_Name: 
  m_EditorClassIdentifier: 
  identifier: fd7c55dab0fce234b8c25f6ffca523c1
  parentIdentifier: default
  displaySortOrder: 0
  active: 0
  Properties:
    LiveUpdate:
      Value: 0
      HasValue: 0
    LiveUpdatePort:
      Value: 0
      HasValue: 0
    Overlay:
      Value: 0
      HasValue: 0
    Logging:
      Value: 0
      HasValue: 0
    SampleRate:
      Value: 0
      HasValue: 0
    BuildDirectory:
      Value: 
      HasValue: 0
    SpeakerMode:
      Value: 0
      HasValue: 0
    VirtualChannelCount:
      Value: 0
      HasValue: 0
    RealChannelCount:
      Value: 0
      HasValue: 0
    DSPBufferLength:
      Value: 0
      HasValue: 0
    DSPBufferCount:
      Value: 0
      HasValue: 0
    Plugins:
      Value: []
      HasValue: 0
    StaticPlugins:
      Value: []
      HasValue: 0
    CallbackHandler:
      Value: {fileID: 0}
      HasValue: 0
  childIdentifiers: []
  outputType: 
  threadAffinities:
    Value: []
    HasValue: 0
--- !u!114 &3255689238231262748
MonoBehaviour:
  m_ObjectHideFlags: 0
  m_CorrespondingSourceObject: {fileID: 0}
  m_PrefabInstance: {fileID: 0}
  m_PrefabAsset: {fileID: 0}
  m_GameObject: {fileID: 0}
  m_Enabled: 1
  m_EditorHideFlags: 0
  m_Script: {fileID: 11500000, guid: bc1f51bc35d549941904cf062bae93a3, type: 3}
  m_Name: 
  m_EditorClassIdentifier: 
  identifier: 0f8eb3f400726694eb47beb1a9f94ce8
  parentIdentifier: default
  displaySortOrder: 0
  active: 0
  Properties:
    LiveUpdate:
      Value: 0
      HasValue: 0
    LiveUpdatePort:
      Value: 0
      HasValue: 0
    Overlay:
      Value: 0
      HasValue: 0
    Logging:
      Value: 0
      HasValue: 0
    SampleRate:
      Value: 0
      HasValue: 0
    BuildDirectory:
      Value: 
      HasValue: 0
    SpeakerMode:
      Value: 0
      HasValue: 0
    VirtualChannelCount:
      Value: 0
      HasValue: 0
    RealChannelCount:
      Value: 0
      HasValue: 0
    DSPBufferLength:
      Value: 0
      HasValue: 0
    DSPBufferCount:
      Value: 0
      HasValue: 0
    Plugins:
      Value: []
      HasValue: 0
    StaticPlugins:
      Value: []
      HasValue: 0
    CallbackHandler:
      Value: {fileID: 0}
      HasValue: 0
  childIdentifiers: []
  outputType: 
  threadAffinities:
    Value: []
    HasValue: 0
--- !u!114 &4176160159487090250
MonoBehaviour:
  m_ObjectHideFlags: 0
  m_CorrespondingSourceObject: {fileID: 0}
  m_PrefabInstance: {fileID: 0}
  m_PrefabAsset: {fileID: 0}
  m_GameObject: {fileID: 0}
  m_Enabled: 1
  m_EditorHideFlags: 0
  m_Script: {fileID: 11500000, guid: 9660e62d6232af242877f0cc2b90c63d, type: 3}
  m_Name: 
  m_EditorClassIdentifier: 
  identifier: 2c5177b11d81d824dbb064f9ac8527da
  parentIdentifier: default
  displaySortOrder: 0
  active: 0
  Properties:
    LiveUpdate:
      Value: 0
      HasValue: 0
    LiveUpdatePort:
      Value: 0
      HasValue: 0
    Overlay:
      Value: 0
      HasValue: 0
    Logging:
      Value: 0
      HasValue: 0
    SampleRate:
      Value: 0
      HasValue: 0
    BuildDirectory:
      Value: 
      HasValue: 0
    SpeakerMode:
      Value: 0
      HasValue: 0
    VirtualChannelCount:
      Value: 0
      HasValue: 0
    RealChannelCount:
      Value: 0
      HasValue: 0
    DSPBufferLength:
      Value: 0
      HasValue: 0
    DSPBufferCount:
      Value: 0
      HasValue: 0
    Plugins:
      Value: []
      HasValue: 0
    StaticPlugins:
      Value: []
      HasValue: 0
    CallbackHandler:
      Value: {fileID: 0}
      HasValue: 0
  childIdentifiers: []
  outputType: 
  threadAffinities:
    Value: []
    HasValue: 0
--- !u!114 &6914070917029339392
MonoBehaviour:
  m_ObjectHideFlags: 0
  m_CorrespondingSourceObject: {fileID: 0}
  m_PrefabInstance: {fileID: 0}
  m_PrefabAsset: {fileID: 0}
  m_GameObject: {fileID: 0}
  m_Enabled: 1
  m_EditorHideFlags: 0
  m_Script: {fileID: 11500000, guid: 73549a74f689f0849a8271d9e908c514, type: 3}
  m_Name: 
  m_EditorClassIdentifier: 
  identifier: b7716510a1f36934c87976f3a81dbf3d
  parentIdentifier: default
  displaySortOrder: 0
  active: 0
  Properties:
    LiveUpdate:
      Value: 0
      HasValue: 0
    LiveUpdatePort:
      Value: 0
      HasValue: 0
    Overlay:
      Value: 0
      HasValue: 0
    Logging:
      Value: 0
      HasValue: 0
    SampleRate:
      Value: 0
      HasValue: 0
    BuildDirectory:
      Value: 
      HasValue: 0
    SpeakerMode:
      Value: 0
      HasValue: 0
    VirtualChannelCount:
      Value: 0
      HasValue: 0
    RealChannelCount:
      Value: 0
      HasValue: 0
    DSPBufferLength:
      Value: 0
      HasValue: 0
    DSPBufferCount:
      Value: 0
      HasValue: 0
    Plugins:
      Value: []
      HasValue: 0
    StaticPlugins:
      Value: []
      HasValue: 0
    CallbackHandler:
      Value: {fileID: 0}
      HasValue: 0
  childIdentifiers: []
  outputType: 
  threadAffinities:
    Value: []
    HasValue: 0
--- !u!114 &7267715910688465698
MonoBehaviour:
  m_ObjectHideFlags: 0
  m_CorrespondingSourceObject: {fileID: 0}
  m_PrefabInstance: {fileID: 0}
  m_PrefabAsset: {fileID: 0}
  m_GameObject: {fileID: 0}
  m_Enabled: 1
  m_EditorHideFlags: 0
  m_Script: {fileID: 11500000, guid: 335f0a4b26fb46942858ea029e030d2a, type: 3}
  m_Name: 
  m_EditorClassIdentifier: 
  identifier: playInEditor
  parentIdentifier: 
  displaySortOrder: 0
  active: 1
  Properties:
    LiveUpdate:
      Value: 1
      HasValue: 1
    LiveUpdatePort:
      Value: 0
      HasValue: 0
    Overlay:
      Value: 1
      HasValue: 1
    Logging:
      Value: 0
      HasValue: 0
    SampleRate:
      Value: 48000
      HasValue: 1
    BuildDirectory:
      Value: 
      HasValue: 0
    SpeakerMode:
      Value: 0
      HasValue: 0
    VirtualChannelCount:
      Value: 1024
      HasValue: 1
    RealChannelCount:
      Value: 256
      HasValue: 1
    DSPBufferLength:
      Value: 0
      HasValue: 0
    DSPBufferCount:
      Value: 0
      HasValue: 0
    Plugins:
      Value: []
      HasValue: 0
    StaticPlugins:
      Value: []
      HasValue: 0
    CallbackHandler:
      Value: {fileID: 0}
      HasValue: 0
  childIdentifiers: []
  outputType: 
  threadAffinities:
    Value: []
    HasValue: 0
--- !u!114 &9050433897455744865
MonoBehaviour:
  m_ObjectHideFlags: 0
  m_CorrespondingSourceObject: {fileID: 0}
  m_PrefabInstance: {fileID: 0}
  m_PrefabAsset: {fileID: 0}
  m_GameObject: {fileID: 0}
  m_Enabled: 1
  m_EditorHideFlags: 0
  m_Script: {fileID: 11500000, guid: d92d0baf34dae0e4ea032a42bd6107c0, type: 3}
  m_Name: 
  m_EditorClassIdentifier: 
  identifier: 52eb9df5db46521439908db3a29a1bbb
  parentIdentifier: default
  displaySortOrder: 0
  active: 0
  Properties:
    LiveUpdate:
      Value: 0
      HasValue: 0
    LiveUpdatePort:
      Value: 0
      HasValue: 0
    Overlay:
      Value: 0
      HasValue: 0
    Logging:
      Value: 0
      HasValue: 0
    SampleRate:
      Value: 0
      HasValue: 0
    BuildDirectory:
      Value: 
      HasValue: 0
    SpeakerMode:
      Value: 0
      HasValue: 0
    VirtualChannelCount:
      Value: 0
      HasValue: 0
    RealChannelCount:
      Value: 0
      HasValue: 0
    DSPBufferLength:
      Value: 0
      HasValue: 0
    DSPBufferCount:
      Value: 0
      HasValue: 0
    Plugins:
      Value: []
      HasValue: 0
    StaticPlugins:
      Value: []
      HasValue: 0
    CallbackHandler:
      Value: {fileID: 0}
      HasValue: 0
  childIdentifiers: []
  outputType: 
  threadAffinities:
    Value: []
    HasValue: 0
